% This file was created with JabRef 2.7b.
% Encoding: UTF-8

@ARTICLE{AL14b,
  author = {Berger, U. and Lawrence, A. and Nordvall-Forsberg, F. and Seisenberger,
	M.},
  title = {Extracting Verified Decision Procedures: {DPLL} and Resolution},
  journal = {Logical Methods in Computer Science},
  year = {2015},
  owner = {andylawrence},
  timestamp = {2014.08.04}
}

@INPROCEEDINGS{AL14a,
  author = {James, P. and Lawrence, A. and Moller, F. and Roggenbach, M. and
	Seisenberger, M. and Setzer, A. and Kanso, K. and Chadwick, S.},
  title = {Verification of Solid State Interlocking Programs},
  booktitle = {Software Engineering and Formal Methods},
  year = {2014},
  editor = {Counsell, S. and N{\'u}{\~n}ez, M.},
  volume = {8368},
  series = {{L}ecture {N}otes in {C}omputer {S}cience},
  pages = {253--268},
  publisher = {Springer International Publishing},
  owner = {andylawrence},
  timestamp = {2014.08.04}
}

@INPROCEEDINGS{AL14c,
  author = {Berger, U. and Lawrence, A. and Roggenbach, M. and Seisenberger,
	M.},
  title = {Safety and Performance of the European Rail Traffic Management System:
	A Modelling and Verification Exercise in Real Time Maude},
  booktitle = {WADT 2014},
  year = {2014},
  owner = {andylawrence},
  timestamp = {2014.08.24}
}

@INPROCEEDINGS{AL14d,
  author = {Berger, U. and James, P. and Lawrence, A. and Roggenbach, M. and
	Seisenberger, M.},
  title = {Modelling and Analysing the European Rail Traffic Management System
	in Real Time Maude},
  booktitle = {FTSCS},
  year = {2014},
  owner = {andylawrence},
  timestamp = {2014.09.28}
}
@inproceedings{AL13a, 
   author = "Chadwick, S. and James, P. and Kanso, K. and Lawrence, A. and Moller, F. and Roggenbach, M. and Seisenberger, M.",
   title = "Verification of solid state interlocking programs",
   booktitle = "FM-Rail-BOK Workshop 2013, DTU Compute Technical Report 2013",
   volume = "20",
   publisher = "DTU", 
   year = "2013"}

@inproceedings{AL12,
  author = "Lawrence, A. and Berger, U. and Seisenberger, M.",
  title = "Extracting a {DPLL} Algorithm",
  booktitle = "Mathematic Foundations of Program Semantics",
  series = "Electronic Notes in Computer Science",
  publisher = "Elsevier",
  year = "2012",
  volume = "286",
  pages = "243--256"
}

@inproceedings{AL10,
author = "Lawrence, A. and Seisenberger, M.",
title = "Verification of Railway Interlockings in {SCADE}",
booktitle = "Automated Verification of Critical Systems (AVOCS 2010)",
series = "Electronic Communications of the EASST",
publisher = "EASST",
year = "2010"}


